<?xml version="1.0" encoding="UTF-8"?><collection xmlns="http://www.loc.gov/MARC21/slim"><record><leader>00369nam--2200121-i-4500</leader><controlfield tag="001">000019368</controlfield><controlfield tag="002">20161230</controlfield><controlfield tag="005">20161230201033</controlfield><controlfield tag="008">060222s1000------------r-----000-0-eng-d</controlfield><datafield ind1=" " ind2=" " tag="100"><subfield code="a">Forsyth, J.L., Dolby, J.L., Resnikoff, H.L</subfield></datafield><datafield ind1=" " ind2=" " tag="245"><subfield code="a">Computerized library catalogs: their growth cost and utility</subfield></datafield><datafield ind1=" " ind2=" " tag="260"><subfield code="a">Cambridge, The M.I.T. Press, 1969. Ix + 164 P</subfield></datafield><datafield ind1=" " ind2=" " tag="852"><subfield code="a">36494</subfield></datafield></record></collection>